@manual{1 ,
title = "",
organization = "",
note = "\url{}",
}
@manual{2,
title = "",
organization = "",
note = "\url{}",
}

@manual{3,
	title = "",
	organization = "",
	note = "\url{}",
}

